<?xml version="1.0" encoding="UTF-8"?><collection xmlns="http://www.loc.gov/MARC21/slim"><record><leader>00432nam--2200133-i-4500</leader><controlfield tag="001">000042962</controlfield><controlfield tag="002">20161230</controlfield><controlfield tag="005">20161230201043</controlfield><controlfield tag="008">060222s1000------------r-----000-0-eng-d</controlfield><datafield ind1=" " ind2=" " tag="080"><subfield code="a">550.34</subfield></datafield><datafield ind1=" " ind2=" " tag="100"><subfield code="a">Stockl,H</subfield></datafield><datafield ind1=" " ind2=" " tag="245"><subfield code="a">Die deutung der zeitlichen und energetischen verteilung der erdbeben durch mechanische und elektrische modelle</subfield></datafield><datafield ind1=" " ind2=" " tag="260"><subfield code="a">Stuttgart, Veroffentlichungen Des Landesedbebendienstens, 1968. 108 P</subfield></datafield><datafield ind1=" " ind2=" " tag="852"><subfield code="a">48084</subfield></datafield></record></collection>